<?xml version="1.0" encoding="UTF-8"?><collection xmlns="http://www.loc.gov/MARC21/slim"><record><leader>00523nam--2200181-i-4500</leader><controlfield tag="001">000016061</controlfield><controlfield tag="002">20161230</controlfield><controlfield tag="005">20161230201031</controlfield><controlfield tag="008">060222s1000------------r-----000-0-ger-d</controlfield><datafield ind1=" " ind2=" " tag="040"><subfield code="a">IFIN-HH</subfield></datafield><datafield ind1=" " ind2=" " tag="041"><subfield code="a">ger</subfield></datafield><datafield ind1=" " ind2=" " tag="080"><subfield code="a">52</subfield></datafield><datafield ind1="1" ind2=" " tag="100"><subfield code="a">Becker, Friedrich</subfield></datafield><datafield ind1="1" ind2="0" tag="245"><subfield code="a">Einfuhrung in die astronomie: b.i. hochschultaschenbucher band 8/8a: methoden und ergebnisse</subfield><subfield code="c">Friedrich becker</subfield></datafield><datafield ind1=" " ind2=" " tag="260"><subfield code="a">Mannheim</subfield><subfield code="b">Bibliographisches Institut</subfield><subfield code="c">1966</subfield></datafield><datafield ind1=" " ind2=" " tag="300"><subfield code="a">249 P</subfield></datafield><datafield ind1=" " ind2=" " tag="852"><subfield code="a">76657</subfield><subfield code="c">521/522</subfield></datafield><datafield ind1=" " ind2=" " tag="CAT"><subfield code="a">Sys</subfield><subfield code="c">20130827</subfield><subfield code="h">155014</subfield></datafield></record></collection>